@article{arina2004,
  author    = {Arina, R.},
  title     = {Numerical simulation of near-critical fluids},
  journal   = {Applied Numerical Mathematics},
  year      = {2004},
  volume    = {51},
  number    = {4},
  pages     = {409--426},
  issn      = {0168-9274}
}

@article{geuzaine2009gmsh,
  title={Gmsh: A 3-D finite element mesh generator with built-in pre-and post-processing facilities},
  author={Geuzaine, Christophe and Remacle, Jean-Fran{\c{c}}ois},
  journal={International journal for numerical methods in engineering},
  volume={79},
  number={11},
  pages={1309--1331},
  year={2009},
  publisher={Wiley Online Library}
}

@misc{su2_theory,
  author       = {{SU2 Development Team}},
  title        = {{Governing Equations in SU2}},
  howpublished = {\url{https://su2code.github.io/docs_v7/Theory/}},
  year         = {2023},
  note         = {Acessado em 12 de agosto de 2025}
}

@book{versteeg2007,
  title={An Introduction to Computational Fluid Dynamics: The Finite Volume Method},
  author={Versteeg, H.K. and Malalasekera, W.},
  isbn={9780131274983},
  lccn={2006052528},
  url={https://books.google.com.br/books?id=RvBZ-UMpGzIC},
  year={2007},
  publisher={Pearson Education Limited}
}


@book{hirsch1988numerical,
  title={Numerical Computation of Internal and External Flows. Volume 1: Fundamentals of Numerical Discretization},
  author={Hirsch, Charles},
  year={1988},
  publisher={John Wiley \& Sons, Inc.}
}


@book{hirsch1990numerical,
  title={Numerical Computation of Internal and External Flows, Volume 2: Computational Methods for Inviscid and Viscous Flows},
  author={Hirsch, Charles},
  year={1990},
  publisher={John Wiley \& Sons},
  address={Chichester},
  pages={691},
  isbn={0471923516}
}

@book{babu2021,
  author    = {Babu, V.},
  title     = {Fundamentals of Gas Dynamics},
  publisher = {Springer International Publishing},
  year      = {2021},
  doi       = {10.1007/978-3-030-60819-4},
  url       = {https://doi.org/10.1007/978-3-030-60819-4}
}

@article{back1964,
  author    = {Back, L.H. and Massier, P.F. and Gier, H.L.},
  title     = {Convective heat transfer in a convergent-divergent nozzle},
  journal   = {International Journal of Heat and Mass Transfer},
  year      = {1964},
  volume    = {7},
  pages     = {549--568}
}

@book{brunton2019,
  author    = {Brunton, S.L. and Kutz, J.N.},
  title     = {Data-driven science and engineering},
  publisher = {Cambridge University Press (Virtual Publishing)},
  address   = {Cambridge, England},
  year      = {2019}
}

@article{dubois2022,
  author    = {Dubois, P. and Gomez, T. and Planckaert, L. and Perret, L.},
  title     = {Machine learning for fluid flow reconstruction from limited measurements},
  journal   = {Journal of Computational Physics},
  year      = {2022},
  volume    = {448},
  pages     = {110733}
}

@article{economon2016,
  author    = {Economon, T.D. and Palacios, F. and Copeland, S.R. and Lukaczyk, T.W. and Alonso, J.J.},
  title     = {{SU2}: An open-source suite for multiphysics simulation and design},
  journal   = {AIAA Journal},
  year      = {2016},
  volume    = {54},
  number    = {3},
  pages     = {828--846}
}

@article{erichson2020,
  author    = {Erichson, N.B. and Mathelin, L. and Yao, Z. and Brunton, S.L. and Mahoney, M.W. and Kutz, J.N.},
  title     = {Shallow neural networks for fluid flow reconstruction with limited sensors},
  journal   = {Proceedings of the Royal Society A: Mathematical, Physical and Engineering Sciences},
  year      = {2020},
  volume    = {476},
  number    = {2238},
  pages     = {20200097}
}

@book{forrester2008,
  author    = {Forrester, A.I.J. and S{\'o}bester, A. and Keane, A.J.},
  title     = {Engineering Design via Surrogate Modelling},
  publisher = {Wiley},
  year      = {2008}
}

@book{hesthaven2016,
  author    = {Hesthaven, J.S. and Rozza, G. and Stamm, B.},
  title     = {Certified Reduced Basis Methods for Parametrized Partial Differential Equations},
  publisher = {Springer International Publishing},
  year      = {2016}
}

@article{hornik1989,
  author    = {Hornik, K. and Stinchcombe, M. and White, H.},
  title     = {Multilayer feedforward networks are universal approximators},
  journal   = {Neural Networks},
  year      = {1989},
  volume    = {2},
  number    = {5},
  pages     = {359--366}
}

@article{ma2022,
  author    = {Ma, L. and Kashanj, S. and Xu, S. and Zhou, J. and Nobes, D.S. and Ye, M.},
  title     = {Flow reconstruction and prediction based on small particle image velocimetry experimental datasets with convolutional neural networks},
  journal   = {Industrial \& Engineering Chemistry Research},
  year      = {2022},
  volume    = {61},
  number    = {24},
  pages     = {8504--8519},
  url       = {https://doi.org/10.1021/acs.iecr.1c04704}
}

@article{ng2018,
  author    = {Ng, F.S.L. and Hughes, A.L.C.},
  title     = {Reconstructing ice-flow fields from streamlined subglacial bedforms: A kriging approach},
  journal   = {Earth Surface Processes and Landforms},
  year      = {2018},
  volume    = {44},
  number    = {4},
  pages     = {861--876}
}

@article{roache1994,
  author    = {Roache, P.J.},
  title     = {Perspective: A Method for Uniform Reporting of Grid Refinement Studies},
  journal   = {Journal of Fluids Engineering},
  year      = {1994},
  volume    = {116},
  number    = {3},
  pages     = {405--413},
  issn      = {0098-2202}
}

@article{yu2019,
  author    = {Yu, J. and Hesthaven, J.S.},
  title     = {Flowfield reconstruction method using artificial neural network},
  journal   = {AIAA Journal},
  year      = {2019},
  volume    = {57},
  number    = {2},
  pages     = {482--498}
}


@inproceedings{glaessgen2012digital,
  title={The digital twin paradigm for future NASA and US Air Force vehicles},
  author={Glaessgen, Edward and Stargel, David},
  booktitle={53rd AIAA/ASME/ASCE/AHS/ASC structures, structural dynamics and materials conference 20th AIAA/ASME/AHS adaptive structures conference 14th AIAA},
  pages={1818},
  year={2012}
}


@inproceedings{Engblom2007,
  title={Validation of conjugate heat-transfer capability for water-cooled high-speed flows},
  author={Engblom, William and Fletcher, Bruno and Georgiadis, Nicholas},
  booktitle={39th AIAA Thermophysics Conference},
  pages={4392},
  year={2007}
}


@inproceedings{moreira2023,
  author    = {Carvalho, A. M. and Dezan, D. and Ferreira, W.},
  title     = {Data-driven flow reconstruction using low fidelity simulation for compressible flow predictions in convergent-divergent nozzles},
  booktitle = {Proceedings of the 27th ABCM International Congress of Mechanical Engineering (COBEM 2023)},
  year      = {2023},
  month     = {Jan},
  doi       = {10.26678/ABCM.COBEM2023.COB2023-0080}
}

@book{sutton2010,
  title={Rocket Propulsion Elements},
  author={Sutton, G.P. and Biblarz, O.},
  isbn={9780470080245},
  lccn={2009042591},
  url={https://books.google.com.br/books?id=1Sf6eV6CgtEC},
  year={2010},
  publisher={John Wiley \& Sons}
}


@book{anderson2003,
  title={Modern Compressible Flow: With Historical Perspective},
  author={Anderson, J.D.},
  isbn={9780072424430},
  lccn={2002067852},
  series={Aeronautical and Aerospace Engineering Series},
  url={https://books.google.com.br/books?id=woeqa4-a5EgC},
  year={2003},
  publisher={McGraw-Hill Education}
}


@book{zucrow1976,
  title={Gas Dynamics, Volume 1},
  author={Zucrow, M.J. and Hoffman, J.D.},
  number={v. 1},
  isbn={9780471984405},
  lccn={76006855},
  series={Gas Dynamics},
  url={https://books.google.com.br/books?id=uqzvAAAAMAAJ},
  year={1976},
  publisher={Wiley}
}

@book{white2011,
  title={Fluid Mechanics},
  author={White, F.M.},
  isbn={9780073529349},
  lccn={2010481187},
  series={McGraw-Hill series in mechanical engineering},
  url={https://books.google.com.br/books?id=egk8SQAACAAJ},
  year={2011},
  publisher={McGraw Hill}
}


@book{wilcox1998,
  author    = {Wilcox, David C.},
  title     = {Turbulence Modeling for {CFD}},
  publisher = {DCW Industries},
  year      = {1998}
}

@article{rowley2017,
  author    = {Rowley, Clarence W. and Dawson, Scott T. M.},
  title     = {Model Reduction for Flow Analysis and Control},
  journal   = {Annual Review of Fluid Mechanics},
  year      = {2017},
  volume    = {49},
  pages     = {387--417}
}

@book{pope2000,
  author    = {Pope, Stephen B.},
  title     = {Turbulent Flows},
  publisher = {Cambridge University Press},
  year      = {2000}
}

@article{menter1994,
  author    = {Menter, F. R.},
  title     = {Two-equation eddy-viscosity turbulence models for engineering applications},
  journal   = {AIAA Journal},
  year      = {1994},
  volume    = {32},
  number    = {8},
  pages     = {1598--1605}
}

@article{palacios2022,
  author    = {Palacios, F. and others},
  title     = {{SU2}: An open-source suite for multiphysics simulation and design, version 7},
  journal   = {AIAA Journal},
  year      = {2022}
}

@misc{su2dev2023,
  author       = {{SU2 Development Team}},
  title        = {{SU2} Code Website},
  year         = {2023},
  howpublished = {\url{https://su2code.github.io/}}
}

@article{stabile2021,
  author    = {Stabile, Giovanni and Rozza, Gianluigi},
  title     = {Reduced Order Models for Computational Fluid Dynamics},
  journal   = {Fluids},
  year      = {2021},
  volume    = {6},
  number    = {1},
  pages     = {1}
}

@article{berkooz1993,
  author    = {Berkooz, G. and Holmes, P. and Lumley, J. L.},
  title     = {The proper orthogonal decomposition in the analysis of turbulent flows},
  journal   = {Annual Review of Fluid Mechanics},
  year      = {1993},
  volume    = {25},
  number    = {1},
  pages     = {539--575}
}

@article{sirovich1987,
  author    = {Sirovich, L.},
  title     = {Turbulence and the dynamics of coherent structures. {Part} 1: Coherent structures},
  journal   = {Quarterly of Applied Mathematics},
  year      = {1987},
  volume    = {45},
  number    = {3},
  pages     = {561--571}
}

@book{holmes2012,
  author    = {Holmes, Philip and Lumley, John L. and Berkooz, Gal},
  title     = {Turbulence, Coherent Structures, Dynamical Systems and Symmetry},
  publisher = {Cambridge University Press},
  year      = {2012}
}

@article{taira2017,
  author    = {Taira, K. and Brunton, S. L. and Dawson, S. T. M. and Rowley, C. W. and Colonius, T. and McKeon, B. J. and others},
  title     = {Modal analysis of fluid flows: An overview},
  journal   = {AIAA Journal},
  year      = {2017},
  volume    = {55},
  number    = {12},
  pages     = {4013--4041}
}

@book{rasmussen2006,
  author    = {Rasmussen, Carl Edward and Williams, Christopher K. I.},
  title     = {Gaussian Processes for Machine Learning},
  publisher = {MIT Press},
  year      = {2006}
}

@article{sacks1989,
  author    = {Sacks, Jerome and Welch, William J. and Mitchell, Toby J. and Wynn, Henry P.},
  title     = {Design and analysis of computer experiments},
  journal   = {Statistical Science},
  year      = {1989},
  volume    = {4},
  number    = {4},
  pages     = {409--423}
}

@article{jones1998,
  author    = {Jones, Donald R. and Schonlau, Matthias and Welch, William J.},
  title     = {Efficient global optimization of expensive black-box functions},
  journal   = {Journal of Global Optimization},
  year      = {1998},
  volume    = {13},
  number    = {4},
  pages     = {455--492}
}

@article{deb2002,
  author    = {Deb, K. and Pratap, A. and Agarwal, S. and Meyarivan, T. A. M. T.},
  title     = {A fast and elitist multiobjective genetic algorithm: {NSGA-II}},
  journal   = {IEEE Transactions on Evolutionary Computation},
  year      = {2002},
  volume    = {6},
  number    = {2},
  pages     = {182--197}
}

@article{toffol2018,
  author    = {Toffol, F. and Ricci, S.},
  title     = {A methodology for the structural optimization of a transport aircraft wing box including aeroelastic constraints},
  journal   = {Aerospace Science and Technology},
  year      = {2018},
  volume    = {78},
  pages     = {473--487}
}

@book{lemaitre2010,
  author    = {Le Ma{\^i}tre, Olivier and Knio, Omar M.},
  title     = {Spectral Methods for Uncertainty Quantification: With Applications to Computational Fluid Dynamics},
  publisher = {Springer Science \& Business Media},
  year      = {2010}
}

@article{samareh2001,
  author    = {Samareh, Jamshid A.},
  title     = {Survey of shape parameterization techniques for high-fidelity multidisciplinary design optimization},
  journal   = {AIAA Paper},
  year      = {2001},
  volume    = {1},
  pages     = {1--13}
}

@incollection{carlberg2018,
  author    = {Carlberg, Kevin and Brencher, Lihong and Benner, Peter},
  title     = {Model reduction for large-scale systems with applications in computational fluid dynamics},
  booktitle = {Model Reduction of Complex Dynamical Systems},
  pages     = {31--60},
  publisher = {Springer},
  year      = {2018}
}

@inproceedings{glaess2021,
  author    = {Glaess, A. and others},
  title     = {The digital twin paradigm for future {NASA} and {US} {Air Force} vehicles},
  booktitle = {AIAA Scitech 2021 Forum},
  pages     = {1039},
  year      = {2021}
}

@article{rasheed2020,
  author    = {Rasheed, Adil and San, Omer and Kvamsdal, Trond},
  title     = {Digital twin: Roles, challenges and opportunities},
  journal   = {arXiv preprint arXiv:2001.07135},
  year      = {2020}
}

@article{benner2015,
  author    = {Benner, Peter and Gugercin, Serkan and Willcox, Karen},
  title     = {A Survey of Projection-Based Model Reduction Methods for Parametric Dynamical Systems},
  journal   = {SIAM Review},
  volume    = {57},
  number    = {4},
  pages     = {483--531},
  year      = {2015},
  publisher = {SIAM},
  doi       = {10.1137/130932715}
}

@book{quarteroni2016,
  author    = {Quarteroni, Alfio and Manzoni, Andrea and Negri, Federico},
  title     = {Reduced Basis Methods for Partial Differential Equations: An Introduction},
  publisher = {Springer International Publishing},
  year      = {2016},
  series    = {UNITEXT},
  volume    = {92},
  doi       = {10.1007/978-3-319-15431-2},
  isbn      = {978-3-319-15430-5}
}

@inproceedings{bekemeyer2025,
  author    = {Bekemeyer, P. and He, Q. and Jammalamadaka, A. and Piat, M. and Ceze, M. and Goman, O. and Fares, E.},
  title     = {Introduction of Applied Aerodynamics Surrogate Modeling Benchmark Cases},
  booktitle = {AIAA SCITECH 2025 Forum},
  year      = {2025},
  address   = {Orlando, FL},
  month     = {January},
  publisher = {AIAA},
  doi       = {10.2514/6.2025-0245}
}

@article{kutz2017,
  author    = {Kutz, J. Nathan},
  title     = {Deep learning in fluid dynamics},
  journal   = {Journal of Fluid Mechanics},
  volume    = {814},
  pages     = {1--4},
  year      = {2017},
  publisher = {Cambridge University Press},
  doi       = {10.1017/jfm.2016.803}
}